@book{harris2019statistics,
  title={Statistics With R: Solving Problems Using Real-World Data},
  author={Harris, Jenine K.},
  year={2019},
  publisher={SAGE Publications},
  address={Thousand Oaks, CA},
  isbn={978-1-5443-2517-0}
}


@book{james2013introduction,
  title={An Introduction to Statistical Learning: With Applications in R},
  author={James, Gareth and Witten, Daniela and Hastie, Trevor and Tibshirani, Robert},
  year={2013},
  publisher={Springer},
  address={New York},
  series={Springer Texts in Statistics},
  isbn={978-1-4614-7137-0}
}

@book{jaggia2018business,
  title={Business Statistics: Communicating with Numbers},
  author={Jaggia, Sanjiv and Kelly, Alison},
  year={2018},
  publisher={McGraw-Hill Education},
  address={New York},
  edition={3rd},
  isbn={978-1-259-95760-4}
}